@misc{Orr,
	author = "Genevieve B. Orr",
	title = "Error Backpropagation",
	organization = "Willamette University",
	url = "http://www.willamette.edu/~gorr/classes/cs449/backprop.html",
	urldate = {2015-04-02}
}

@article{Backprop,
	author = "D. E. Rumelhart and G. E. Hinton and R. J. Williams",
	title = "Learning representations by back-propagating errors",
	year = "1986",
	journal = "Nature",
	volume = "323",
	pages = "533--536"
}

@article{Wobbrock,
	author = "J. O. Wobbrock and A. D. Wilson and Y. Li",
	title = "Gestures without libraries, toolkits or training: A \$1 recognizer for user interface prototypes",
	journal = "Proceedings of the ACM Symposium on User Interface Software and Technology (UIST '07)",
	year = "2007",
	publisher = "ACM Press",
	pages = "159--168"
}

@misc{BusinessInsider,
	author = "Tony Danova",
	title = "SMART WATCH FORECAST: Smart Watches Will Lead Wearable Computing To Mass Market Status",
	organization = "Business Insider",
	url = "http://www.businessinsider.com/global-smartwatch-sales-set-to-explode-2014-3",
	year = "2014",
	urldate = {2015-04-02}
}

\item Orr, Genevieve B. "Error Backpropagation." Error Backpropagation. Williamette University, n.d. Web. 02 Apr. 2015.
